@misc{lumin,
  author = {"Lumin"},
  title = {My Settlers of Catan Games},
  howpublished = {Kaggle},
  month = {August},
  year = {2016},
	url = {https://www.kaggle.com/lumins/settlers-of-catan-games}
}
@misc{peter,
  author = {Peter Keep},
  title = {Settlers of Catan Analysis},
  howpublished = {Wordpress},
  month = {February},
  year = {2011},
	url = {https://developingcatan.wordpress.com/2011/02/22/settlers-of-catan-analysis}
}
